% copy citation from scholar.google.com
% or generate using e.g. https://truben.no/latex/bibtex/
@article{albadi2008summary,
  title={A summary of demand response in electricity markets},
  author={Albadi, Mohamed H and El-Saadany, Ehab F},
  journal={Electric power systems research},
  volume={78},
  number={11},
  pages={1989--1996},
  year={2008},
  publisher={Elsevier}
}
@article{allcott2014short,
  title={The short-run and long-run effects of behavioral interventions: Experimental evidence from energy conservation},
  author={Allcott, Hunt and Rogers, Todd},
  journal={American Economic Review},
  volume={104},
  number={10},
  pages={3003--37},
  year={2014}
}
@book{zweifel2017energy,
  title={Energy economics: theory and applications},
  author={Zweifel, Peter and Praktiknjo, Aaron and Erdmann, Georg},
  year={2017},
  publisher={Springer}
}
@article{allcott2011social,
  title={Social norms and energy conservation},
  author={Allcott, Hunt},
  journal={Journal of public Economics},
  volume={95},
  number={9-10},
  pages={1082--1095},
  year={2011},
  publisher={Elsevier}
}
@article{batalla2016impacts,
  title={Impacts of intermittent renewable generation on electricity system costs},
  author={Batalla-Bejerano, Joan and Trujillo-Baute, Elisa},
  journal={Energy Policy},
  volume={94},
  pages={411--420},
  year={2016},
  publisher={Elsevier}
}
@article{hirth2015balancing,
  title={Balancing power and variable renewables: Three links},
  author={Hirth, Lion and Ziegenhagen, Inka},
  journal={Renewable and Sustainable Energy Reviews},
  volume={50},
  pages={1035--1051},
  year={2015},
  publisher={Elsevier}
}
@article{hu2018identifying,
  title={Identifying barriers to large-scale integration of variable renewable electricity into the electricity market: A literature review of market design},
  author={Hu, Jing and Harmsen, Robert and Crijns-Graus, Wina and Worrell, Ernst and van den Broek, Machteld},
  journal={Renewable and Sustainable Energy Reviews},
  volume={81},
  pages={2181--2195},
  year={2018},
  publisher={Elsevier}
}
@article{savolainen2012real,
  title={Real-time pricing in the nordic power markets},
  author={Savolainen, Maria Kopsakangas and Svento, Rauli},
  journal={Energy economics},
  volume={34},
  number={4},
  pages={1131--1142},
  year={2012},
  publisher={Elsevier}
}
@book{biggar2014economics,
  title={The economics of electricity markets},
  author={Biggar, Darryl R and Hesamzadeh, Mohammad Reza},
  year={2014},
  publisher={John Wiley \& Sons}
}
@article{ambec2012electricity,
  title={Electricity provision with intermittent sources of energy},
  author={Ambec, Stefan and Crampes, Claude},
  journal={Resource and Energy Economics},
  volume={34},
  number={3},
  pages={319--336},
  year={2012},
  publisher={Elsevier}
}
@article{kirschen2003demand,
  title={Demand-side view of electricity markets},
  author={Kirschen, Daniel S},
  journal={IEEE Transactions on power systems},
  volume={18},
  number={2},
  pages={520--527},
  year={2003},
  publisher={IEEE}
}
@article{blazquez2013residential,
  title={Residential electricity demand in Spain: new empirical evidence using aggregate data},
  author={Bl{\'a}zquez, Leticia and Boogen, Nina and Filippini, Massimo},
  journal={Energy economics},
  volume={36},
  pages={648--657},
  year={2013},
  publisher={Elsevier}
}
@article{lijesen2007real,
  title={The real-time price elasticity of electricity},
  author={Lijesen, Mark G},
  journal={Energy economics},
  volume={29},
  number={2},
  pages={249--258},
  year={2007},
  publisher={Elsevier}
}
@techreport{patrick2001estimating,
  title={Estimating the customer-level demand for electricity under real-time market prices},
  author={Patrick, Robert H and Wolak, Frank A},
  year={2001},
  institution={National Bureau of Economic Research}
}
@techreport{wolak2001impact,
  title={The impact of market rules and market structure on the price determination process in the England and Wales electricity market},
  author={Wolak, Frank A and Patrick, Robert H},
  year={2001},
  institution={National Bureau of Economic Research}
}
@inproceedings{aalami2008demand,
  title={Demand response model considering EDRP and TOU programs},
  author={Aalami, H and Yousefi, GR and Moghadam, M Parsa},
  booktitle={Transmission and Distribution Conference and Exposition, 2008. T\&D. IEEE/PES},
  pages={1--6},
  year={2008},
  organization={IEEE}
}
@article{moghaddam2011flexible,
  title={Flexible demand response programs modeling in competitive electricity markets},
  author={Moghaddam, M Parsa and Abdollahi, A and Rashidinejad, M},
  journal={Applied Energy},
  volume={88},
  number={9},
  pages={3257--3269},
  year={2011},
  publisher={Elsevier}
}
@article{roos1998industrial,
  title={Industrial power demand response analysis for one-part real-time pricing},
  author={Roos, JG and Lane, IE},
  journal={IEEE Transactions on Power Systems},
  volume={13},
  number={1},
  pages={159--164},
  year={1998},
  publisher={IEEE}
}
@article{borenstein2002dynamic,
  title={Dynamic pricing, advanced metering, and demand response in electricity markets},
  author={Borenstein, Severin and Jaske, Michael and Rosenfeld, Arthur},
  year={2002}
}
@inproceedings{oldewurtel2010reducing,
  title={Reducing peak electricity demand in building climate control using real-time pricing and model predictive control.},
  author={Oldewurtel, Frauke and Ulbig, Andreas and Parisio, Alessandra and Andersson, G{\"o}ran and Morari, Manfred},
  booktitle={CDC},
  pages={1927--1932},
  year={2010}
}
@inproceedings{balijepalli2011review,
  title={Review of demand response under smart grid paradigm},
  author={Balijepalli, VSK Murthy and Pradhan, Vedanta and Khaparde, SA and Shereef, RM},
  booktitle={Innovative Smart Grid Technologies-India (ISGT India), 2011 IEEE PES},
  pages={236--243},
  year={2011},
  organization={IEEE}
}
@article{paulus2011potential,
  title={The potential of demand-side management in energy-intensive industries for electricity markets in Germany},
  author={Paulus, Moritz and Borggrefe, Frieder},
  journal={Applied Energy},
  volume={88},
  number={2},
  pages={432--441},
  year={2011},
  publisher={Elsevier}
}
@article{genc2016measuring,
  title={Measuring demand responses to wholesale electricity prices using market power indices},
  author={Genc, Talat S},
  journal={Energy Economics},
  volume={56},
  pages={247--260},
  year={2016},
  publisher={Elsevier}
}
@article{labandeira2017meta,
  title={A meta-analysis on the price elasticity of energy demand},
  author={Labandeira, Xavier and Labeaga, Jos{\'e} M and L{\'o}pez-Otero, Xiral},
  journal={Energy Policy},
  volume={102},
  pages={549--568},
  year={2017},
  publisher={Elsevier}
}

@article{okajima2013estimation,
  title={Estimation of Japanese price elasticities of residential electricity demand, 1990--2007},
  author={Okajima, Shigeharu and Okajima, Hiroko},
  journal={Energy Economics},
  volume={40},
  pages={433--440},
  year={2013},
  publisher={Elsevier}
}
@article{bonte2015price,
  title={Price elasticity of demand in the EPEX spot market for electricityâ€”New empirical evidence},
  author={B{\"o}nte, Werner and Nielen, Sebastian and Valitov, Niyaz and Engelmeyer, Torben},
  journal={Economics Letters},
  volume={135},
  pages={5--8},
  year={2015},
  publisher={Elsevier}
}
@article{fan2011price,
  title={The price elasticity of electricity demand in South Australia},
  author={Fan, Shu and Hyndman, Rob J},
  journal={Energy Policy},
  volume={39},
  number={6},
  pages={3709--3719},
  year={2011},
  publisher={Elsevier}
}
@article{clastres2015analytical,
  title={An analytical approach to activating demand elasticity with a demand response mechanism},
  author={Clastres, C{\'e}dric and Khalfallah, Haikel},
  journal={Energy Economics},
  volume={52},
  pages={195--206},
  year={2015},
  publisher={Elsevier}
}
@article{espey2004turning,
  title={Turning on the lights: A meta-analysis of residential electricity demand elasticities},
  author={Espey, James A and Espey, Molly},
  journal={Journal of Agricultural and Applied Economics},
  volume={36},
  number={1},
  pages={65--81},
  year={2004},
  publisher={Cambridge University Press}
}
@article{graf2013measuring,
  title={Measuring competitiveness of the EPEX spot market for electricity},
  author={Graf, Christoph and Wozabal, David},
  journal={Energy Policy},
  volume={62},
  pages={948--958},
  year={2013},
  publisher={Elsevier}
}
@article{wang2017industrial,
  title={Industrial and residential electricity demand dynamics in Japan: How did price and income elasticities evolve from 1989 to 2014?},
  author={Wang, Nan and Mogi, Gento},
  journal={Energy Policy},
  volume={106},
  pages={233--243},
  year={2017},
  publisher={Elsevier}
}
@article{labandeira2017meta,
  title={A meta-analysis on the price elasticity of energy demand},
  author={Labandeira, Xavier and Labeaga, Jos{\'e} M and L{\'o}pez-Otero, Xiral},
  journal={Energy Policy},
  volume={102},
  pages={549--568},
  year={2017},
  publisher={Elsevier}
}
@article{saele2011demand,
  title={Demand response from household customers: Experiences from a pilot study in Norway},
  author={Saele, Hanne and Grande, Ove S},
  journal={IEEE Transactions on Smart Grid},
  volume={2},
  number={1},
  pages={102--109},
  year={2011},
  publisher={IEEE}
}
@article{vesterberg2014residential,
  title={Residential End use electricity demand and the implications for real time pricing in Sweden},
  author={Vesterberg, Mattias and Krishnamurthy, Chandra Kiran and Bayrak, Oben},
  journal={Available at SSRN 2573666},
  year={2014}
}
@mastersthesis{shandurkova2011thinking,
  title={Thinking smart about electricity usage: How can advanced demand response programs affect consumption of electricity?},
  author={Shandurkova, Iliana},
  year={2011}
}
@article{tveten2016increased,
  title={Increased demand-side flexibility: market effects and impacts on variable renewable energy integration},
  author={Tveten, {\AA}sa Grytli and Bolkesj{\o}, Torjus Folsland and Ilieva, Iliana},
  journal={International Journal of Sustainable Energy Planning and Management},
  volume={11},
  pages={33--50},
  year={2016}
}
@article{wolak2011residential,
  title={Do residential customers respond to hourly prices? Evidence from a dynamic pricing experiment},
  author={Wolak, Frank A},
  journal={American Economic Review},
  volume={101},
  number={3},
  pages={83--87},
  year={2011}
}
@article{burke2017price,
  title={The price elasticity of electricity demand in the United States: A three-dimensional analysis},
  author={Burke, Paul J and Abayasekara, Ashani},
  year={2017},
  publisher={CAMA Working Paper}
}
@article{alberini2019response,
  title={Response to Extreme Energy Price Changes: Evidence from Ukraine},
  author={Alberini, Anna and Khymych, Olha and {\v{S}}{\v{c}}asn{\`y}, Milan},
  journal={Energy Journal},
  volume={40},
  number={1},
  year={2019}
}
@book{wooldridge2010econometric,
  title={Econometric analysis of cross section and panel data},
  author={Wooldridge, Jeffrey M},
  year={2010},
  publisher={MIT press}
}
@MANUAL{statacorp2017stata,
    title        = "Stata base reference manual",
    author       = "StataCorp",
    organization = "StataCorp LCC",
    address      = "College Station, Texas",
    edition      = "Release 15",
    year         = "2017"
}
